@article{greenwade93,
    author  = "Григорьев Ю.Н., Вшивков В.А.",
    title   = "Численные методы “частицы-в-ячейках”",
    year    = "",
    journal = "Новосибирск: Наука2000",
    volume  = "",
    number  = "",
    pages   = ""
}
