@INPROCEEDINGS{7952603,
  author={Athiwaratkun, Ben and Stokes, Jack W.},
  booktitle={2017 IEEE International Conference on Acoustics, Speech and Signal Processing (ICASSP)}, 
  title={Malware classification with LSTM and GRU language models and a character-level CNN}, 
  year={2017},
  volume={},
  number={15},
  pages={2482-2486},
  doi={10.1109/ICASSP.2017.7952603}
}

@article{DBLP:journals/corr/abs-1906-03591,
  author       = {Kun Jing and
                  Jungang Xu},
  title        = {A Survey on Neural Network Language Models},
  journal      = {CoRR},
  volume       = {abs/1906.03591},
  year         = {2019},
  url          = {http://arxiv.org/abs/1906.03591},
  eprinttype    = {arXiv},
  eprint       = {1906.03591},
  timestamp    = {Thu, 14 Oct 2021 09:15:03 +0200},
  biburl       = {https://dblp.org/rec/journals/corr/abs-1906-03591.bib},
  bibsource    = {dblp computer science bibliography, https://dblp.org},
  number={5}
}
